@article{fleischerSiam,
author = {Lisa Fleischer and Martin Skutella},
title = {Quickest Flows Over Time},
publisher = {SIAM},
year = {2007},
journal = {SIAM Journal on Computing},
volume = {36},
number = {6},
pages = {1600-1630},
doi = {10.1137/S0097539703427215}
}

@article{fleischer,
author = {Lisa Fleischer and Martin Skutella},
title = {Quickest Flows Over Time},
year = {--},
}


